@ARTICLE{1097737, 
author={Basu, M.}, 
journal={Systems, Man, and Cybernetics, Part C: Applications and Reviews, IEEE Transactions on}, title={Gaussian-based edge-detection methods -- a survey}, 
year={2002}, 
month={aug}, 
volume={32}, 
number={3}, 
pages={ 252 - 260}, 
keywords={ Gaussian filter; Gaussian-based edge-detection methods; computer vision; image processing; linear methods; nonlinear methods; survey; computer vision; edge detection; filtering theory;}, 
doi={10.1109/TSMCC.2002.804448}, 
ISSN={1094-6977},}

@article{Kovesi,
	location = {http://www.scientificcommons.org/43465609},
	title = {Phase congruency detects corners and edges},
	author = {Peter Kovesi},
	year = {2003},
	url = {http://citeseerx.ist.psu.edu/viewdoc/summary?doi=10.1.1.84.5311},
	institution = {CiteSeerX - Scientific Literature Digital Library and Search Engine [http://citeseerx.ist.psu.edu/oai2] (United States)},
   journal ={ The Australian Pattern Recognition Society Conference}
}

@ARTICLE{4767851, 
author={Canny, John}, 
journal={Pattern Analysis and Machine Intelligence, IEEE Transactions on}, title={A Computational Approach to Edge Detection}, 
year={1986}, 
month={nov. }, 
volume={PAMI-8}, 
number={6}, 
pages={679 -698}, 
keywords={}, 
doi={10.1109/TPAMI.1986.4767851}, 
ISSN={0162-8828},}

@article{Lu20032395,
title = "Neuro-fuzzy synergism to the intelligent system for edge detection and enhancement",
journal = "Pattern Recognition",
volume = "36",
number = "10",
pages = "2395 - 2409",
year = "2003",
note = "",
issn = "0031-3203",
doi = "DOI: 10.1016/S0031-3203(03)00083-9",
url = "http://www.sciencedirect.com/science/article/B6V14-48N2N6G-7/2/ffc8ed19419ebb8f5d5686e1834ff6c0",
author = "Siwei Lu and Ziqing Wang and Jun Shen",
keywords = "Fuzzy neural network",
keywords = "Edge detection",
keywords = "Edge enhancement",
keywords = "Hopfield neural network",
keywords = "Image processing"
}

@article{Zheng20041143,
title = "A new efficient SVM-based edge detection method",
journal = "Pattern Recognition Letters",
volume = "25",
number = "10",
pages = "1143 - 1154",
year = "2004",
note = "",
issn = "0167-8655",
doi = "DOI: 10.1016/j.patrec.2004.03.009",
url = "http://www.sciencedirect.com/science/article/B6V15-4C5PWFR-1/2/f68e1cdfae0c09a057fe5f4f63b04106",
author = "Sheng Zheng and Jian Liu and Jin Wen Tian",
keywords = "Edge detection",
keywords = "Least squares support vector machine",
keywords = "Gaussian radial basis function kernel",
keywords = "Gradient and zero crossing operators"
}

@article{Bhandarkar19941159,
title = "An edge detection technique using genetic algorithm-based optimization",
journal = "Pattern Recognition",
volume = "27",
number = "9",
pages = "1159 - 1180",
year = "1994",
note = "",
issn = "0031-3203",
doi = "DOI: 10.1016/0031-3203(94)90003-5",
url = "http://www.sciencedirect.com/science/article/B6V14-48MPGK6-3/2/088724bd800ab7844ff3081cc53af131",
author = "Suchendra M. Bhandarkar and Yiqing Zhang and Walter D. Potter",
keywords = "Genetic algorithm",
keywords = "Edge detection",
keywords = "Cost minimization"
}

@phdthesis{Sobel:1970:CMM:905376,
 author = {Sobel, Irwin Edward},
 title = {Camera models and machine perception},
 year = {1970},
 note = {AAI7102831},
 publisher = {Stanford University},
 address = {Stanford, CA, USA},
}

@book{prewitt1970object,
  title={{Object enhancement and extraction}},
  author={Prewitt, J.M.S.},
  volume={13},
  year={1970},
  publisher={Academic Press, New York}
}

@article{oskoei2010survey,
  title={{A Survey on Edge Detection Methods}},
  author={Oskoei, M.A. and Hu, H.},
  year={2010},
  publisher={Citeseer}
}

@article{10.1109/CVPRW.2008.4563088,
author = { Yuancheng Luo and Ramani Duraiswami},
title = {Canny edge detection on NVIDIA CUDA},
journal ={Computer Vision and Pattern Recognition Workshop},
volume = {0},
isbn = {978-1-4244-2339-2},
year = {2008},
pages = {1-8},
doi = {http://doi.ieeecomputersociety.org/10.1109/CVPRW.2008.4563088},
publisher = {IEEE Computer Society},
address = {Los Alamitos, CA, USA},
}

@article{smith1997susan,
  title={{SUSAN -- A new approach to low level image processing}},
  author={Smith, S.M. and Brady, J.M.},
  journal={International journal of computer vision},
  volume={23},
  number={1},
  pages={45--78},
  issn={0920-5691},
  year={1997},
  publisher={Springer}
}
@article{marr1980theory,
  title={{Theory of edge detection}},
  author={Marr, D. and Hildreth, E.},
  journal={Proceedings of the Royal Society of London. Series B. Biological Sciences},
  volume={207},
  number={1167},
  pages={187},
  issn={0962-8452},
  year={1980},
  publisher={The Royal Society}
}

@article{kirsch1971computer,
  title={{Computer determination of the constituent structure of biological images* 1}},
  author={Kirsch, R.A.},
  journal={Computers and biomedical research},
  volume={4},
  number={3},
  pages={315--328},
  issn={0010-4809},
  year={1971},
  publisher={Elsevier}
}

@article{perona1990scale,
  title={{Scale-space and edge detection using anisotropic diffusion}},
  author={Perona, P. and Malik, J.},
  journal={Pattern Analysis and Machine Intelligence, IEEE Transactions on},
  volume={12},
  number={7},
  pages={629--639},
  issn={0162-8828},
  year={1990},
  publisher={IEEE}
}

@article{heric2007combined,
  title={{Combined edge detection using wavelet transform and signal registration}},
  author={Heric, D. and Zazula, D.},
  journal={Image and Vision computing},
  volume={25},
  number={5},
  pages={652--662},
  issn={0262-8856},
  year={2007},
  publisher={Elsevier}
}
