@article{Collins2004,
address = {Morristown, NJ, USA},
author = {Collins, Michael and Roark, Brian},
doi = {10.3115/1218955.1218970},
file = {:home/dan/Projects/Uni/4thYear/Assignments/CompLing/P04-1015.pdf:pdf},
journal = {Proceedings of the 42nd Annual Meeting on Association for Computational Linguistics - ACL '04},
pages = {111--es},
publisher = {Association for Computational Linguistics},
title = {{Incremental parsing with the perceptron algorithm}},
url = {http://portal.acm.org/citation.cfm?doid=1218955.1218970},
year = {2004}
}
@article{Chiang2006,
author = {Chiang, David},
file = {:home/dan/Projects/Uni/4thYear/Assignments/CompLing/synchtut.pdf:pdf},
pages = {1--16},
title = {{An Introduction to Synchronous Grammars}},
year = {2006}
}
@article{Freund1999,
   author = {Freund, Yoav and Schapire, Robert E.},
   title = {Large Margin Classification Using the Perceptron Algorithm},
   journal = {Machine Learning},
   publisher = {Springer Netherlands},
   issn = {0885-6125},
   keyword = {Computer Science},
   pages = {277-296},
   volume = {37},
   issue = {3},
   url = {http://dx.doi.org/10.1023/A:1007662407062},
   note = {10.1023/A:1007662407062},
   year = {1999}
}
@inproceedings{Whitelaw2005,
 author = {Whitelaw, Casey and Garg, Navendu and Argamon, Shlomo},
 title = {Using appraisal groups for sentiment analysis},
 booktitle = {Proceedings of the 14th ACM international conference on Information and knowledge management},
 series = {CIKM '05},
 year = {2005},
 isbn = {1-59593-140-6},
 location = {Bremen, Germany},
 pages = {625--631},
 numpages = {7},
 url = {http://doi.acm.org/10.1145/1099554.1099714},
 doi = {http://doi.acm.org/10.1145/1099554.1099714},
 acmid = {1099714},
 publisher = {ACM},
 address = {New York, NY, USA},
 keywords = {appraisal theory, opinion mining, review classification, sentiment analysis, shallow parsing, text classification}
}
@inproceedings{Collins2002,
 author = {Collins, Michael},
 title = {Discriminative training methods for hidden Markov models: theory and experiments with perceptron algorithms},
 booktitle = {Proceedings of the ACL-02 conference on Empirical methods in natural language processing - Volume 10},
 series = {EMNLP '02},
 year = {2002},
 pages = {1--8},
 numpages = {8},
 url = {http://dx.doi.org/10.3115/1118693.1118694},
 doi = {http://dx.doi.org/10.3115/1118693.1118694},
 acmid = {1118694},
 publisher = {Association for Computational Linguistics},
 address = {Stroudsburg, PA, USA},
}
@article{Pang2008,
 author = {Pang, Bo and Lee, Lillian},
 title = {Opinion Mining and Sentiment Analysis},
 journal = {Found. Trends Inf. Retr.},
 volume = {2},
 issue = {1-2},
 month = {January},
 year = {2008},
 issn = {1554-0669},
 pages = {1--135},
 numpages = {135},
 url = {http://portal.acm.org/citation.cfm?id=1454711.1454712},
 doi = {10.1561/1500000011},
 acmid = {1454712},
 publisher = {Now Publishers Inc.},
 address = {Hanover, MA, USA},
}
@inproceedings{Pang2002,
 author = {Pang, Bo and Lee, Lillian and Vaithyanathan, Shivakumar},
 title = {Thumbs up?: sentiment classification using machine learning techniques},
 booktitle = {Proceedings of the ACL-02 conference on Empirical methods in natural language processing - Volume 10},
 series = {EMNLP '02},
 year = {2002},
 pages = {79--86},
 numpages = {8},
 url = {http://dx.doi.org/10.3115/1118693.1118704},
 doi = {http://dx.doi.org/10.3115/1118693.1118704},
 acmid = {1118704},
 publisher = {Association for Computational Linguistics},
 address = {Stroudsburg, PA, USA},
}
@inproceedings{Wilson2005,
 author = {Wilson, Theresa and Wiebe, Janyce and Hoffmann, Paul},
 title = {Recognizing contextual polarity in phrase-level sentiment analysis},
 booktitle = {Proceedings of the conference on Human Language Technology and Empirical Methods in Natural Language Processing},
 series = {HLT '05},
 year = {2005},
 location = {Vancouver, British Columbia, Canada},
 pages = {347--354},
 numpages = {8},
 url = {http://dx.doi.org/10.3115/1220575.1220619},
 doi = {http://dx.doi.org/10.3115/1220575.1220619},
 acmid = {1220619},
 publisher = {Association for Computational Linguistics},
 address = {Stroudsburg, PA, USA},
}
@inproceedings{Nasukawa2003,
 author = {Nasukawa, Tetsuya and Yi, Jeonghee},
 title = {Sentiment analysis: capturing favorability using natural language processing},
 booktitle = {Proceedings of the 2nd international conference on Knowledge capture},
 series = {K-CAP '03},
 year = {2003},
 isbn = {1-58113-583-1},
 location = {Sanibel Island, FL, USA},
 pages = {70--77},
 numpages = {8},
 url = {http://doi.acm.org/10.1145/945645.945658},
 doi = {http://doi.acm.org/10.1145/945645.945658},
 acmid = {945658},
 publisher = {ACM},
 address = {New York, NY, USA},
 keywords = {favorability analysis, information extraction, sentiment analysis, text mining},
}
@inproceedings{Moore2000,
 author = {Moore, Robert C.},
 title = {Removing left recursion from context-free grammars},
 booktitle = {Proceedings of the 1st North American chapter of the Association for Computational Linguistics conference},
 year = {2000},
 location = {Seattle, Washington},
 pages = {249--255},
 numpages = {7},
 url = {http://portal.acm.org/citation.cfm?id=974305.974338},
 acmid = {974338},
 publisher = {Morgan Kaufmann Publishers Inc.},
 address = {San Francisco, CA, USA},
}
@article{Roark2001,
  author    = {Brian Roark},
  title     = {Robust Probabilistic Predictive Syntactic Processing},
  journal   = {CoRR},
  volume    = {cs.CL/0105019},
  year      = {2001},
  ee        = {http://arxiv.org/abs/cs.CL/0105019},
  bibsource = {DBLP, http://dblp.uni-trier.de}
}
