@article{Collins2004,
address = {Morristown, NJ, USA},
author = {Collins, Michael and Roark, Brian},
doi = {10.3115/1218955.1218970},
file = {:home/dan/Projects/Uni/4thYear/Assignments/CompLing/P04-1015.pdf:pdf},
journal = {Proceedings of the 42nd Annual Meeting on Association for Computational Linguistics - ACL '04},
pages = {111--es},
publisher = {Association for Computational Linguistics},
title = {{Incremental parsing with the perceptron algorithm}},
url = {http://portal.acm.org/citation.cfm?doid=1218955.1218970},
year = {2004}
}
@article{Chiang2006,
author = {Chiang, David},
file = {:home/dan/Projects/Uni/4thYear/Assignments/CompLing/synchtut.pdf:pdf},
number = {June},
pages = {1--16},
title = {{An Introduction to Synchronous Grammars}},
year = {2006}
}
