@inproceedings{Kreutzer10,
  title={Extended computation tree logic},
  author={Axelsson, R. and Hague, M. and Kreutzer, S. and Lange, M. and Latte, M.},
  booktitle={Logic for Programming, Artificial Intelligence, and Reasoning},
  pages={67--81},
  year={2010},
  organization={Springer}
}
@inproceedings{EHRS00b,
    author = {Javier Esparza and David Hansel and Peter Rossmanith and Stefan Schwoon},
    booktitle = {Proceedings of CAV 2000},
    editor = {E. Allen Emerson and A. Prasad Sistla},
    month = {July},
    pages = {232--247},
    publisher = {Springer},
    series = {Lecture Notes in Computer Science},
    title = {Efficient Algorithms for Model Checking Pushdown Systems},
    volume = {1855},
    year = {2000}
}
@inproceedings{mitra2008strategies,
  title={Strategies for mainstream usage of formal verification},
  author={Mitra, R.S.},
  booktitle={Proceedings of the 45th annual Design Automation Conference},
  pages={800--805},
  year={2008},
  organization={ACM}
}
@article{hague2010analysing,
  title={Analysing Mu-Calculus Properties of Pushdown Systems (Tool Presentation)},
  author={Hague, M. and Ong, CHL},
  journal={Submitted to SPIN},
  year={2010},
  publisher={Citeseer}
}
@inproceedings{lal2006improving,
  title={Improving pushdown system model checking},
  author={Lal, A. and Reps, T.},
  booktitle={Computer Aided Verification},
  pages={343--357},
  year={2006},
  organization={Springer}
}  
