@phdthesis{Schwoon02,
    author = {Stefan Schwoon},
    school = {Technische Universit{\"a}t M{\"u}nchen},
    title = {Model-Checking Pushdown Systems},
    year = {2002}
}

@techreport{SSEH06,
    author = {Jan Hole\v{c}ek and Dejvuth Suwimonteerabuth and Stefan Schwoon and Javier Esparza},
    institution = {Universit{\"a}t Stuttgart, Fakult\"at Informatik, Elektrotechnik und Informationstechnik},
    title = {Introduction to Remopla},
    year = {2006}
}
